<record><leader>00000cas a22000007a 4500</leader><controlfield tag="001">20383735</controlfield><controlfield tag="008">890922d19161920mouwr ne      0    0eng d</controlfield><datafield ind1=" " ind2=" " tag="010"><subfield code="a">sn 89067052 </subfield></datafield><datafield ind1=" " ind2=" " tag="040"><subfield code="a">MQN</subfield><subfield code="b">eng</subfield><subfield code="c">MQN</subfield><subfield code="d">OCLCQ</subfield></datafield><datafield ind1=" " ind2=" " tag="042"><subfield code="a">msc</subfield></datafield><datafield ind1="0" ind2="4" tag="245"><subfield code="a">The Granby miner-Missourian.</subfield></datafield><datafield ind1=" " ind2=" " tag="260"><subfield code="a">Granby, Newton County, Mo. :</subfield><subfield code="b">R.H. McClanahan,</subfield><subfield code="c">1916-</subfield></datafield><datafield ind1=" " ind2=" " tag="300"><subfield code="a">v.</subfield></datafield><datafield ind1=" " ind2=" " tag="310"><subfield code="a">Weekly</subfield></datafield><datafield ind1="0" ind2=" " tag="362"><subfield code="a">Vol. 14, no. 12 (Apr. 14, 1916)-</subfield></datafield><datafield ind1="1" ind2=" " tag="362"><subfield code="a">Ceased in 1920?</subfield></datafield><datafield ind1=" " ind2=" " tag="752"><subfield code="a">United States</subfield><subfield code="b">Missouri</subfield><subfield code="c">Newton</subfield><subfield code="d">Granby.</subfield></datafield><datafield ind1="0" ind2="0" tag="780"><subfield code="t">Granby Missourian</subfield><subfield code="w">(DLC)sn 89067051</subfield></datafield></record>